<?xml version="1.0" encoding="UTF-8"?>
<SOAP-ENV:Envelope xmlns:SOAP-ENV="http://schemas.xmlsoap.org/soap/envelope/" xmlns:ns1="http://oss.dbc.dk/ns/openformat" xmlns:os="http://oss.dbc.dk/ns/opensearch" xmlns:dc="http://purl.org/dc/elements/1.1/" xmlns:dkabm="http://biblstandard.dk/abm/namespace/dkabm/" xmlns:ISO639-2="http://lcweb.loc.gov/standards/iso639-2/" xmlns:dcmitype="http://purl.org/dc/dcmitype/" xmlns:dcterms="http://purl.org/dc/terms/" xmlns:ac="http://biblstandard.dk/ac/namespace/" xmlns:dkdcplus="http://biblstandard.dk/abm/namespace/dkdcplus/" xmlns:oss="http://oss.dbc.dk/ns/osstypes" xmlns:marcx="info:lc/xmlns/marcxchange-v1" xmlns:xsi="http://www.w3.org/2001/XMLSchema-instance">
  <SOAP-ENV:Body>
    <ns1:formatRequest>
      <ns1:originalData>
        <os:collection>
          <os:resultPosition>1</os:resultPosition>
          <os:numberOfObjects>1</os:numberOfObjects>
          <os:object>
            <dkabm:record>
              <ac:identifier>28527470|870970</ac:identifier>
              <ac:source>undefined</ac:source>
              <dc:title>Music for harp and flute</dc:title>
              <dc:title xsi:type="dkdcplus:full">Music for harp and flute</dc:title>
              <dc:creator>Sofia Asunción Claro</dc:creator>
              <dc:creator xsi:type="oss:sort">Claro, Sofia Asunción</dc:creator>
              <dc:subject xsi:type="dkdcplus:DK5">78.437</dc:subject>
              <dc:subject xsi:type="dkdcplus:DK5-Text">Strengeinstrument(er), knipset med eller uden andet instrument</dc:subject>
              <dc:subject xsi:type="dkdcplus:DBCM">fløjte</dc:subject>
              <dc:subject xsi:type="dkdcplus:DBCM">harpe</dc:subject>
              <dc:subject xsi:type="dkdcplus:DBCM">harpesonate</dc:subject>
              <dc:subject xsi:type="dkdcplus:DBCM">instrumental</dc:subject>
              <dc:subject xsi:type="dkdcplus:DBCM">kammermusik</dc:subject>
              <dc:subject xsi:type="dkdcplus:DBCM">tværfløjte</dc:subject>
              <dcterms:audience>voksenmaterialer</dcterms:audience>
              <dc:publisher>Tutl</dc:publisher>
              <dc:contributor>Lars Graug@ård</dc:contributor>
              <dc:contributor>Jean Françaix</dc:contributor>
              <dc:contributor>Lars Graug@ård</dc:contributor>
              <dc:contributor>Paul Hindemith</dc:contributor>
              <dc:contributor>Vincent Persichetti</dc:contributor>
              <dc:contributor>Maurice Ravel</dc:contributor>
              <dc:contributor>Gabriel Fauré</dc:contributor>
              <dc:contributor>Jacques Ibert</dc:contributor>
              <dc:contributor>Carl Nielsen (f. 1865)</dc:contributor>
              <dc:date>2010</dc:date>
              <dc:type xsi:type="dkdcplus:BibDK-Type">Cd (musik)</dc:type>
              <dc:format>1 cd</dc:format>
              <dc:identifier>Tutl FKT 063</dc:identifier>
              <dcterms:hasPart xsi:type="dkdcplus:track">Cinque piccoli duetti</dcterms:hasPart>
              <dcterms:hasPart xsi:type="dkdcplus:track">Fantasi for fløjte og harpe</dcterms:hasPart>
              <dcterms:hasPart xsi:type="dkdcplus:track">Sonate for harpe</dcterms:hasPart>
              <dcterms:hasPart xsi:type="dkdcplus:track">Serenade nr. 10, opus 79</dcterms:hasPart>
              <dcterms:hasPart xsi:type="dkdcplus:track">Pavane pour une infante défunte</dcterms:hasPart>
              <dcterms:hasPart xsi:type="dkdcplus:track">Sicilienne for violoncel og klaver, opus 78</dcterms:hasPart>
              <dcterms:hasPart xsi:type="dkdcplus:track">Pièce</dcterms:hasPart>
              <dcterms:hasPart xsi:type="dkdcplus:track">Entr'acte</dcterms:hasPart>
              <dcterms:hasPart xsi:type="dkdcplus:track">Moderen</dcterms:hasPart>
              <dcterms:spatial xsi:type="dkdcplus:DBCM">Frankrig</dcterms:spatial>
              <dcterms:spatial xsi:type="dkdcplus:DBCM">Italien</dcterms:spatial>
              <dcterms:spatial xsi:type="dkdcplus:DBCM">Danmark</dcterms:spatial>
              <dcterms:spatial xsi:type="dkdcplus:DBCM">Tyskland</dcterms:spatial>
              <dcterms:temporal xsi:type="dkdcplus:DBCM">1890-1899</dcterms:temporal>
              <dcterms:temporal xsi:type="dkdcplus:DBCM">1900-1909</dcterms:temporal>
              <dcterms:temporal xsi:type="dkdcplus:DBCM">1920-1929</dcterms:temporal>
              <dcterms:temporal xsi:type="dkdcplus:DBCM">1930-1939</dcterms:temporal>
              <dcterms:temporal xsi:type="dkdcplus:DBCM">1950-1959</dcterms:temporal>
              <dcterms:temporal xsi:type="dkdcplus:DBCM">1970-1979</dcterms:temporal>
              <dcterms:temporal xsi:type="dkdcplus:DBCM">2000-2009</dcterms:temporal>
            </dkabm:record>
            <marcx:collection>
              <marcx:record format="danMARC2" type="Bibliographic">
                <marcx:leader>000000000000000000000000</marcx:leader>
                <marcx:datafield tag="001" ind1="0" ind2="0">
                  <marcx:subfield code="a">28527470</marcx:subfield>
                  <marcx:subfield code="b">870970</marcx:subfield>
                  <marcx:subfield code="c">20101129181329</marcx:subfield>
                  <marcx:subfield code="d">20101117</marcx:subfield>
                  <marcx:subfield code="f">a</marcx:subfield>
                  <marcx:subfield code="t">FAUST</marcx:subfield>
                </marcx:datafield>
                <marcx:datafield tag="004" ind1="0" ind2="0">
                  <marcx:subfield code="r">n</marcx:subfield>
                  <marcx:subfield code="a">e</marcx:subfield>
                </marcx:datafield>
                <marcx:datafield tag="006" ind1="0" ind2="0">
                  <marcx:subfield code="a">20100908</marcx:subfield>
                  <marcx:subfield code="c">20110108</marcx:subfield>
                  <marcx:subfield code="2">a</marcx:subfield>
                </marcx:datafield>
                <marcx:datafield tag="008" ind1="0" ind2="0">
                  <marcx:subfield code="t">s</marcx:subfield>
                  <marcx:subfield code="u">f</marcx:subfield>
                  <marcx:subfield code="a">2010</marcx:subfield>
                  <marcx:subfield code="b">fo</marcx:subfield>
                  <marcx:subfield code="v">0</marcx:subfield>
                </marcx:datafield>
                <marcx:datafield tag="009" ind1="0" ind2="0">
                  <marcx:subfield code="a">s</marcx:subfield>
                  <marcx:subfield code="g">xc</marcx:subfield>
                </marcx:datafield>
                <marcx:datafield tag="021" ind1="0" ind2="0">
                  <marcx:subfield code="d">Kr. 136,00</marcx:subfield>
                </marcx:datafield>
                <marcx:datafield tag="023" ind1="0" ind2="0">
                  <marcx:subfield code="a">0663993226323</marcx:subfield>
                </marcx:datafield>
                <marcx:datafield tag="032" ind1="0" ind2="0">
                  <marcx:subfield code="a">DMO201048</marcx:subfield>
                  <marcx:subfield code="x">BKM201048</marcx:subfield>
                </marcx:datafield>
                <marcx:datafield tag="039" ind1="0" ind2="0">
                  <marcx:subfield code="a">kaa</marcx:subfield>
                </marcx:datafield>
                <marcx:datafield tag="100" ind1="0" ind2="0">
                  <marcx:subfield code="0"/>
                  <marcx:subfield code="a">Claro</marcx:subfield>
                  <marcx:subfield code="h">Sofia Asunción</marcx:subfield>
                </marcx:datafield>
                <marcx:datafield tag="245" ind1="0" ind2="0">
                  <marcx:subfield code="a">Music for harp and flute</marcx:subfield>
                </marcx:datafield>
                <marcx:datafield tag="260" ind1="0" ind2="0">
                  <marcx:subfield code="b">Tutl</marcx:subfield>
                  <marcx:subfield code="c">p 2010</marcx:subfield>
                </marcx:datafield>
                <marcx:datafield tag="300" ind1="0" ind2="0">
                  <marcx:subfield code="n">1 cd</marcx:subfield>
                </marcx:datafield>
                <marcx:datafield tag="531" ind1="0" ind2="0">
                  <marcx:subfield code="a">Indhold:</marcx:subfield>
                </marcx:datafield>
                <marcx:datafield tag="538" ind1="0" ind2="0">
                  <marcx:subfield code="f">Tutl</marcx:subfield>
                  <marcx:subfield code="g">FKT 063</marcx:subfield>
                </marcx:datafield>
                <marcx:datafield tag="652" ind1="0" ind2="0">
                  <marcx:subfield code="m">78.437</marcx:subfield>
                </marcx:datafield>
                <marcx:datafield tag="652" ind1="0" ind2="0">
                  <marcx:subfield code="å">11</marcx:subfield>
                  <marcx:subfield code="i">78.437</marcx:subfield>
                </marcx:datafield>
                <marcx:datafield tag="652" ind1="0" ind2="0">
                  <marcx:subfield code="å">12</marcx:subfield>
                  <marcx:subfield code="i">78.437</marcx:subfield>
                </marcx:datafield>
                <marcx:datafield tag="652" ind1="0" ind2="0">
                  <marcx:subfield code="å">13</marcx:subfield>
                  <marcx:subfield code="i">78.455</marcx:subfield>
                </marcx:datafield>
                <marcx:datafield tag="652" ind1="0" ind2="0">
                  <marcx:subfield code="å">14</marcx:subfield>
                  <marcx:subfield code="i">78.437</marcx:subfield>
                </marcx:datafield>
                <marcx:datafield tag="652" ind1="0" ind2="0">
                  <marcx:subfield code="å">15</marcx:subfield>
                  <marcx:subfield code="i">78.437</marcx:subfield>
                </marcx:datafield>
                <marcx:datafield tag="652" ind1="0" ind2="0">
                  <marcx:subfield code="å">16</marcx:subfield>
                  <marcx:subfield code="i">78.437</marcx:subfield>
                </marcx:datafield>
                <marcx:datafield tag="652" ind1="0" ind2="0">
                  <marcx:subfield code="å">17</marcx:subfield>
                  <marcx:subfield code="i">78.462</marcx:subfield>
                </marcx:datafield>
                <marcx:datafield tag="652" ind1="0" ind2="0">
                  <marcx:subfield code="å">18</marcx:subfield>
                  <marcx:subfield code="i">78.437</marcx:subfield>
                </marcx:datafield>
                <marcx:datafield tag="652" ind1="0" ind2="0">
                  <marcx:subfield code="å">19</marcx:subfield>
                  <marcx:subfield code="i">78.81</marcx:subfield>
                  <marcx:subfield code="v">7</marcx:subfield>
                </marcx:datafield>
                <marcx:datafield tag="666" ind1="0" ind2="0">
                  <marcx:subfield code="m">kammermusik</marcx:subfield>
                  <marcx:subfield code="m">harpesonate</marcx:subfield>
                  <marcx:subfield code="n">instrumental</marcx:subfield>
                  <marcx:subfield code="n">fløjte</marcx:subfield>
                  <marcx:subfield code="n">tværfløjte</marcx:subfield>
                  <marcx:subfield code="n">harpe</marcx:subfield>
                  <marcx:subfield code="p">1890-1899</marcx:subfield>
                  <marcx:subfield code="p">1900-1909</marcx:subfield>
                  <marcx:subfield code="p">1920-1929</marcx:subfield>
                  <marcx:subfield code="p">1930-1939</marcx:subfield>
                  <marcx:subfield code="p">1950-1959</marcx:subfield>
                  <marcx:subfield code="p">1970-1979</marcx:subfield>
                  <marcx:subfield code="p">2000-2009</marcx:subfield>
                  <marcx:subfield code="l">Frankrig</marcx:subfield>
                  <marcx:subfield code="l">Italien</marcx:subfield>
                  <marcx:subfield code="l">Danmark</marcx:subfield>
                  <marcx:subfield code="l">Tyskland</marcx:subfield>
                </marcx:datafield>
                <marcx:datafield tag="700" ind1="0" ind2="0">
                  <marcx:subfield code="0"/>
                  <marcx:subfield code="a">Graug@ård</marcx:subfield>
                  <marcx:subfield code="h">Lars</marcx:subfield>
                </marcx:datafield>
                <marcx:datafield tag="770" ind1="0" ind2="0">
                  <marcx:subfield code="å">11</marcx:subfield>
                  <marcx:subfield code="0"/>
                  <marcx:subfield code="a">Françaix</marcx:subfield>
                  <marcx:subfield code="h">Jean</marcx:subfield>
                </marcx:datafield>
                <marcx:datafield tag="770" ind1="0" ind2="0">
                  <marcx:subfield code="å">12</marcx:subfield>
                  <marcx:subfield code="0"/>
                  <marcx:subfield code="a">Graug@ård</marcx:subfield>
                  <marcx:subfield code="h">Lars</marcx:subfield>
                </marcx:datafield>
                <marcx:datafield tag="770" ind1="0" ind2="0">
                  <marcx:subfield code="å">13</marcx:subfield>
                  <marcx:subfield code="0"/>
                  <marcx:subfield code="a">Hindemith</marcx:subfield>
                  <marcx:subfield code="h">Paul</marcx:subfield>
                </marcx:datafield>
                <marcx:datafield tag="770" ind1="0" ind2="0">
                  <marcx:subfield code="å">14</marcx:subfield>
                  <marcx:subfield code="0"/>
                  <marcx:subfield code="a">Persichetti</marcx:subfield>
                  <marcx:subfield code="h">Vincent</marcx:subfield>
                </marcx:datafield>
                <marcx:datafield tag="770" ind1="0" ind2="0">
                  <marcx:subfield code="å">15</marcx:subfield>
                  <marcx:subfield code="0"/>
                  <marcx:subfield code="a">Ravel</marcx:subfield>
                  <marcx:subfield code="h">Maurice</marcx:subfield>
                </marcx:datafield>
                <marcx:datafield tag="770" ind1="0" ind2="0">
                  <marcx:subfield code="å">16</marcx:subfield>
                  <marcx:subfield code="0"/>
                  <marcx:subfield code="a">Fauré</marcx:subfield>
                  <marcx:subfield code="h">Gabriel</marcx:subfield>
                </marcx:datafield>
                <marcx:datafield tag="770" ind1="0" ind2="0">
                  <marcx:subfield code="å">17</marcx:subfield>
                  <marcx:subfield code="0"/>
                  <marcx:subfield code="a">Ibert</marcx:subfield>
                  <marcx:subfield code="h">Jacques</marcx:subfield>
                </marcx:datafield>
                <marcx:datafield tag="770" ind1="0" ind2="0">
                  <marcx:subfield code="å">18</marcx:subfield>
                  <marcx:subfield code="0"/>
                  <marcx:subfield code="a">Ibert</marcx:subfield>
                  <marcx:subfield code="h">Jacques</marcx:subfield>
                </marcx:datafield>
                <marcx:datafield tag="770" ind1="0" ind2="0">
                  <marcx:subfield code="å">19</marcx:subfield>
                  <marcx:subfield code="0"/>
                  <marcx:subfield code="a">Nielsen</marcx:subfield>
                  <marcx:subfield code="h">Carl</marcx:subfield>
                  <marcx:subfield code="c">f. 1865</marcx:subfield>
                </marcx:datafield>
                <marcx:datafield tag="795" ind1="0" ind2="0">
                  <marcx:subfield code="å">11</marcx:subfield>
                  <marcx:subfield code="0"/>
                  <marcx:subfield code="a">Cinque piccoli duetti</marcx:subfield>
                  <marcx:subfield code="e">Sofia Asunción Claro, harpe</marcx:subfield>
                  <marcx:subfield code="e">Lars Graug@ård, fløjte</marcx:subfield>
                </marcx:datafield>
                <marcx:datafield tag="795" ind1="0" ind2="0">
                  <marcx:subfield code="å">12</marcx:subfield>
                  <marcx:subfield code="0"/>
                  <marcx:subfield code="a">Fantasi for fløjte og harpe</marcx:subfield>
                  <marcx:subfield code="e">Lars Graug@ård, fløjte</marcx:subfield>
                  <marcx:subfield code="e">Sofia Asunción Claro, harpe</marcx:subfield>
                </marcx:datafield>
                <marcx:datafield tag="795" ind1="0" ind2="0">
                  <marcx:subfield code="å">13</marcx:subfield>
                  <marcx:subfield code="0"/>
                  <marcx:subfield code="a">Sonate for harpe</marcx:subfield>
                  <marcx:subfield code="e">Sofia Asunción Claro, harpe</marcx:subfield>
                </marcx:datafield>
                <marcx:datafield tag="795" ind1="0" ind2="0">
                  <marcx:subfield code="å">14</marcx:subfield>
                  <marcx:subfield code="0"/>
                  <marcx:subfield code="a">Serenade nr. 10, opus 79</marcx:subfield>
                  <marcx:subfield code="c">for fløjte og harpe</marcx:subfield>
                  <marcx:subfield code="e">Lars Graug@ård, fløjte</marcx:subfield>
                  <marcx:subfield code="e">Sofia Asunción Claro, harpe</marcx:subfield>
                </marcx:datafield>
                <marcx:datafield tag="795" ind1="0" ind2="0">
                  <marcx:subfield code="å">15</marcx:subfield>
                  <marcx:subfield code="0"/>
                  <marcx:subfield code="a">Pavane pour une infante défunte</marcx:subfield>
                  <marcx:subfield code="e">Lars Graug@ård, fløjte</marcx:subfield>
                  <marcx:subfield code="e">Sofia Asunción Claro, harpe</marcx:subfield>
                </marcx:datafield>
                <marcx:datafield tag="795" ind1="0" ind2="0">
                  <marcx:subfield code="å">16</marcx:subfield>
                  <marcx:subfield code="0"/>
                  <marcx:subfield code="a">Sicilienne for violoncel og klaver, opus 78</marcx:subfield>
                  <marcx:subfield code="c">for fløjte og harpe</marcx:subfield>
                  <marcx:subfield code="e">Lars Graug@ård, fløjte</marcx:subfield>
                  <marcx:subfield code="e">Sofia Asunción Claro, harpe</marcx:subfield>
                </marcx:datafield>
                <marcx:datafield tag="795" ind1="0" ind2="0">
                  <marcx:subfield code="å">17</marcx:subfield>
                  <marcx:subfield code="0"/>
                  <marcx:subfield code="a">Pièce</marcx:subfield>
                  <marcx:subfield code="e">Lars Graug@ård, fløjte</marcx:subfield>
                </marcx:datafield>
                <marcx:datafield tag="795" ind1="0" ind2="0">
                  <marcx:subfield code="å">18</marcx:subfield>
                  <marcx:subfield code="0"/>
                  <marcx:subfield code="a">Entr'acte</marcx:subfield>
                  <marcx:subfield code="e">Lars Graug@ård, fløjte</marcx:subfield>
                  <marcx:subfield code="e">Sofia Asunción Claro, harpe</marcx:subfield>
                </marcx:datafield>
                <marcx:datafield tag="795" ind1="0" ind2="0">
                  <marcx:subfield code="å">19</marcx:subfield>
                  <marcx:subfield code="0"/>
                  <marcx:subfield code="a">Moderen</marcx:subfield>
                  <marcx:subfield code="7"> (</marcx:subfield>
                  <marcx:subfield code="v">Tågen letter</marcx:subfield>
                  <marcx:subfield code="7">) / </marcx:subfield>
                  <marcx:subfield code="e">Lars Graug@ård, fløjte</marcx:subfield>
                  <marcx:subfield code="e">Sofia Asunción Claro, harpe</marcx:subfield>
                </marcx:datafield>
                <marcx:datafield tag="795" ind1="0" ind2="0">
                  <marcx:subfield code="å">99</marcx:subfield>
                  <marcx:subfield code="0"/>
                  <marcx:subfield code="y">0</marcx:subfield>
                  <marcx:subfield code="a">5 piccoli duetti</marcx:subfield>
                </marcx:datafield>
                <marcx:datafield tag="900" ind1="0" ind2="0">
                  <marcx:subfield code="0"/>
                  <marcx:subfield code="a">Asunción Claro</marcx:subfield>
                  <marcx:subfield code="h">Sofia</marcx:subfield>
                  <marcx:subfield code="x">se</marcx:subfield>
                  <marcx:subfield code="w">Claro, Sofia Asunción</marcx:subfield>
                  <marcx:subfield code="z">100</marcx:subfield>
                </marcx:datafield>
                <marcx:datafield tag="s10" ind1="0" ind2="0">
                  <marcx:subfield code="a">DBC</marcx:subfield>
                </marcx:datafield>
                <marcx:datafield tag="990" ind1="0" ind2="0">
                  <marcx:subfield code="o">201048</marcx:subfield>
                  <marcx:subfield code="b">v</marcx:subfield>
                  <marcx:subfield code="u">nt</marcx:subfield>
                </marcx:datafield>
              </marcx:record>
            </marcx:collection>
<os:identifier>870970-basis:28527470</os:identifier>
<os:creationDate>1980-03-07</os:creationDate>
<os:holdingsCount>12</os:holdingsCount>
<os:lendingLibraries>12</os:lendingLibraries>
            <os:formatsAvailable>
              <os:format>dkabm</os:format>
            </os:formatsAvailable>
          </os:object>
        </os:collection>
      </ns1:originalData>
      <ns1:outputFormat>bibliotekdkFullDisplay</ns1:outputFormat>
    </ns1:formatRequest>
  </SOAP-ENV:Body>
</SOAP-ENV:Envelope>
